% Encoding: UTF-8

@Book{Santner2003,
  author    = {Thomas J. Santner and Brian J. Williams and William I. Notz},
  title     = {The Design and Analysis of Computer Experiments},
  year      = {2003},
  publisher = {Springer},
  location  = {New York},
  doi       = {10.1007/978-1-4757-3799-8},
  file      = {:Santner2003.pdf:PDF},
}

@Book{Rasmussen2006,
  author    = {Carl Edward Rasmussen and Christopher K. I. Williams},
  title     = {Gaussian Processes for Machine Learning},
  year      = {2006},
  publisher = {The MIT Press},
  location  = {Cambridge, Massachusetts},
  isbn      = {026218253X},
  ean       = {9780262182539},
  file      = {:Rasmussen2006.pdf:PDF},
}

@Article{OHagan2006,
  author       = {Anthony O'Hagan},
  title        = {Bayesian analysis of computer code outputs: A tutorial},
  journaltitle = {{Reliability Engineering and System Safety}},
  year         = {2006},
  volume       = {91},
  issue        = {10--11},
  pages        = {1290--1300},
  doi          = {10.1016/j.ress.2005.11.025},
  url          = {http://dx.doi.org/10.1016/j.ress.2005.11.025},
  file         = {:OHagan2006.pdf:PDF},
}

@Article{Marrel2008,
  author       = {Amandine Marrel and Bertrand Iooss and Fran{\c{c}}ois Van Dorpe and Elena Volkova},
  title        = {An Efficient Methodology for Modeling Complex Computer Codes with {Gaussian} Processes},
  journaltitle = {{Computational Statistics and Data Analysis}},
  year         = {2008},
  volume       = {52},
  issue        = {10},
  pages        = {4731--4744},
  doi          = {10.1016/j.csda.2008.03.026},
  url          = {http://dx.doi.org/10.1016/j.csda.2008.03.026},
  file         = {:Marrel2008.pdf:PDF},
}

@Article{Bachoc2014,
  author       = {Fran\c{c}ois Bachoc and Guillaume Bois and Josselin Garnier and Jean-Marc Martinez},
  title        = {Calibration And Improved Prediction Of Computer Models By Universal Kriging},
  journaltitle = {{Nuclear Science and Engineering}},
  year         = {2014},
  volume       = {176},
  number       = {1},
  doi          = {10.13182/nse12-55},
  url          = {http://dx.doi.org/10.13182/NSE12-55},
  file         = {:Bachoc2014.pdf:PDF},
}

@Article{Loeppky2009,
  author       = {Jason L. Loeppky and Jerome Sacks and William J. Welch},
  title        = {Choosing the Sample Size of a Computer Experiment: A Practical Guide},
  journaltitle = {Technometrics},
  year         = {2009},
  volume       = {51},
  number       = {4},
  month        = {nov},
  pages        = {366--376},
  doi          = {10.1198/tech.2009.08040},
  url          = {http://dx.doi.org/10.1198/TECH.2009.08040},
  file         = {:Loeppky2009.pdf:PDF},
}

@Article{Roberts2012,
  author       = {S. Roberts and M. Osborne and M. Ebden and S. Reece and N. Gibson and S. Aigrain},
  title        = {Gaussian processes for time-series modelling},
  journaltitle = {{Philosophical Transactions of the Royal Society A: Mathematical, Physical and Engineering Sciences}},
  year         = {2012},
  volume       = {371},
  number       = {1984},
  pages        = {20110550--20110550},
  doi          = {10.1098/rsta.2011.0550},
  url          = {http://dx.doi.org/10.1098/rsta.2011.0550},
  file         = {:Roberts2012.pdf:PDF},
}

@Article{Roustant2012,
  author       = {Olivier Roustant and David Ginsbourger and Yves Deville},
  title        = {{DiceKriging, DiceOptim}: Two {R} Packages for the Analysis of Computer Experiments by {Kriging-based} Metamodeling and Optimization},
  journaltitle = {{Journal of Statistical Software}},
  year         = {2012},
  volume       = {51},
  number       = {1},
  file         = {:Roustant2012.pdf:PDF},
}

@Article{Bastos2009,
  author       = {Leonardo S. Bastos and Anthony O'Hagan},
  title        = {Diagnostics for Gaussian Process Emulators},
  journaltitle = {Technometrics},
  year         = {2009},
  volume       = {51},
  number       = {4},
  pages        = {425--438},
  doi          = {10.1198/tech.2009.08019},
  url          = {http://dx.doi.org/10.1198/TECH.2009.08019},
  file         = {:Bastos2009.pdf:PDF},
}

@Article{Damblin2013,
  author       = {G. Damblin and M. Couplet and Bertrand Iooss},
  title        = {Numerical Studies of Space-Filling Designs: Optimization of {Latin Hypercube Samples} and Subprojection Properties},
  journaltitle = {Journal of Simulation},
  year         = {2013},
  volume       = {7},
  eid          = {276--289},
  file         = {:Damblin2013.pdf:PDF},
}

@Article{Hamad2010,
  author       = {Husam Hamad},
  title        = {Validation of metamodels in simulation: a new metric},
  journaltitle = {{Engineering with Computers}},
  year         = {2011},
  volume       = {27},
  number       = {4},
  pages        = {309--317},
  doi          = {10.1007/s00366-010-0200-z},
  url          = {http://dx.doi.org/10.1007/s00366-010-0200-z},
  file         = {:Hamad2010.pdf:PDF},
}

@Article{Dowding2008,
  author       = {Kevin J. Dowding and Martin Pilch and Richard G. Hills},
  title        = {Formulation of the thermal problem},
  journaltitle = {{Computational Methods in Applied Mechanics and Engineering}},
  year         = {2008},
  volume       = {197},
  pages        = {2385--2389},
  doi          = {10.1016/j.cma.2007.09.029},
  url          = {http://dx.doi.org/10.1016/j.cma.2007.09.029},
  file         = {:Dowding2008.pdf:PDF},
}

@Article{Challenor2013,
  author       = {Peter G. Challenor},
  title        = {Experimental design for the validation of kriging metamodels in computer experiments},
  journaltitle = {{Journal of Simulations}},
  year         = {2013},
  volume       = {7},
  pages        = {290--296},
  doi          = {10.1057/jos.2013.17},
  url          = {http://dx.doi.org/10.1057/jos.2013.17},
  file         = {:Challenor2013.pdf:PDF},
}

@Article{Andrianakis2012,
  author       = {Ioannis Andrianakis and Peter G. Challenor},
  title        = {The effect of the nugget on {Gaussian} process emulators of computer models},
  journaltitle = {{Computational Statistics and Data Analysis}},
  year         = {2012},
  volume       = {56},
  number       = {12},
  pages        = {4215--4228},
  doi          = {10.1016/j.csda.2012.04.020},
  url          = {http://dx.doi.org/10.1016/j.csda.2012.04.020},
  file         = {:Andrianakis2012.pdf:PDF},
}

@Article{Kennedy_2006,
  author    = {Marc C. Kennedy and Clive W. Anderson and Stefano Conti and Anthony O'Hagan},
  title     = {Case studies in Gaussian process modelling of computer codes},
  journal   = {Reliability Engineering {\&} System Safety},
  year      = {2006},
  volume    = {91},
  number    = {10-11},
  month     = {oct},
  pages     = {1301--1309},
  doi       = {10.1016/j.ress.2005.11.028},
  file      = {:Kennedy_2006.pdf:PDF},
  publisher = {Elsevier {BV}},
}

@Article{Currin1991,
  author  = {Carla Currin and Toby Mitchell and Max Morris and Don Ylvisaker},
  title   = {Bayesian Prediction of Deterministic Functions, with Applications to the Design and Analysis of Computer Experiment},
  journal = {Journal of the American Statistical Association},
  year    = {1991},
  volume  = {86},
  number  = {416},
  eid     = {953--963},
  file    = {:Currin1991.pdf:PDF},
}

@Article{Jones_2009,
  author    = {Bradley Jones and Rachel T. Johnson},
  title     = {Design and analysis for the Gaussian process model},
  journal   = {Quality and Reliability Engineering International},
  year      = {2009},
  volume    = {25},
  pages     = {515--524},
  doi       = {10.1002/qre.1044},
  file      = {:Jones_2009.pdf:PDF},
  publisher = {Wiley-Blackwell},
}

@Article{Sacks_1989,
  author  = {Jerome Sacks and Susannah B. Schiller and William J. Welch},
  title   = {Designs for Computer Experiments},
  journal = {Technometrics},
  year    = {1989},
  volume  = {31},
  number  = {1},
  pages   = {41--47},
  doi     = {10.1080/00401706.1989.10488474},
  file    = {:Sacks_1989.pdf:PDF},
}

@Article{Sacks1989,
  author  = {Jerome Sacks and William J. Welch and Toby Mitchell and Henry P. Wynn},
  title   = {Design and Analysis of Computer Experiments},
  journal = {Statistical Science},
  year    = {1989},
  volume  = {4},
  number  = {4},
  pages   = {409--423},
  file    = {:Sacks1989.pdf:PDF},
}

@Article{Ginsbourger_2009,
  author  = {David Ginsbourger and Delphine Dupuy and Anca Badea and Laurent Carraro and Olivier Roustant},
  title   = {A note on the choice and the estimation of Kriging models for the analysis of deterministic computer experiments},
  journal = {Applied Stochastic Models in Business and Industry},
  year    = {2009},
  volume  = {25},
  number  = {2},
  pages   = {115--131},
  doi     = {10.1002/asmb.741},
  file    = {:Ginsbourger_2009.pdf:PDF},
}

@Article{Gramacy_2008,
  author  = {Robert B Gramacy and Herbert K. H Lee},
  title   = {Bayesian Treed Gaussian Process Models With an Application to Computer Modeling},
  journal = {Journal of the American Statistical Association},
  year    = {2008},
  volume  = {103},
  number  = {483},
  pages   = {1119--1130},
  doi     = {10.1198/016214508000000689},
  file    = {:Gramacy_2008.pdf:PDF},
}

@PhdThesis{Bachoc,
  author      = {Fran\c{c}ois Bachoc},
  title       = {Parametric Estimation of Covariance Function in Gaussian-Process Based Kriging Models. Application to Uncertainty Quantification for Computer Experiments},
  institution = {Universit\'{e} Paris - Diderot},
  year        = {2013},
  file        = {:Bachoc.pdf:PDF},
}

@PhdThesis{Bastos2010,
  author      = {Leonardo S. Bastos},
  title       = {Validating Gaussian Process Models in Computer Experiments},
  institution = {The University of Sheffield},
  year        = {2010},
  file        = {:Bastos2010.pdf:PDF},
}

@Article{Higdon_2002,
  author    = {Dave Higdon},
  title     = {Space and Space-Time Modeling using Process Convolutions},
  year      = {2002},
  pages     = {37--56},
  doi       = {10.1007/978-1-4471-0657-9_2},
  booktitle = {Quantitative Methods for Current Environmental Issues},
  file      = {:Higdon_2002.pdf:PDF},
  publisher = {Springer Nature},
}

@Book{McElreath2015,
  author    = {Richard McElreath},
  title     = {Statistical Rethinking: a Bayesian Course with Examples in {R} and {Stan}},
  year      = {2015},
  edition   = {1st Edition},
  publisher = {CRC Press},
  location  = {Boca Raton},
  isbn      = {9781482253443},
  pagetotal = {487},
  pubstate  = {Florida},
  url       = {http://www.ebook.de/de/product/24465987/richard_mcelreath_statistical_rethinking.html},
  ean       = {9781482253443},
}

@InReference{Jensen2014,
  author    = {D. R. Jensen},
  title     = {Multivariate Normal Distribution: Overview},
  booktitle = {Wiley StatsRef: Statistics Reference Online},
  year      = {2014},
  url       = {http://onlinelibrary.wiley.com/doi/10.1002/9781118445112.stat05654/full},
  file      = {:Jensen2014.pdf:PDF},
}

@Book{Ripley1987,
  author    = {Brian D. Ripley},
  title     = {Stochastic Simulation},
  year      = {1987},
  publisher = {John Wiley {\&} Sons, Inc.},
  location  = {New York},
  doi       = {10.1002/9780470316726},
  month     = {jan},
}

@InReference{Syski2014,
  author    = {R. Syski},
  title     = {Stochastic Process},
  booktitle = {Wiley StatsRef: Statistics Reference Online},
  year      = {2014},
  publisher = {John Wiley {\&} Sons, Inc.},
  url       = {http://onlinelibrary.wiley.com/doi/10.1002/9781118445112.stat03025/abstract},
  file      = {:Syski2014.pdf:PDF},
}

@InReference{Debicki2014,
  author    = {Krzysztof D\'ebicki},
  title     = {Gaussian Process: Overview},
  booktitle = {Wiley StatsRef: Statistics Reference Online},
  year      = {2014},
  publisher = {John Wiley {\&} Sons, Inc.},
  url       = {http://onlinelibrary.wiley.com/doi/10.1002/9781118445112.stat03025/abstract},
  file      = {:Debicki2014.pdf:PDF},
}

@InReference{Greenland2005,
  author    = {Sander Greenland and David Draper},
  title     = {Exchangeability},
  booktitle = {Encyclopedia of Biostatistics},
  year      = {2005},
  edition   = {2nd},
  publisher = {John Wiley {\&} Sons, Inc.},
  doi       = {10.1002/0470011815.b2a15037},
  url       = {http://onlinelibrary.wiley.com/book/10.1002/0470011815},
  file      = {:Draper2005.pdf:PDF},
}

@InCollection{Koehler1996,
  author    = {J.R. Koehler and A.B. Owen},
  title     = {9. Computer experiments},
  booktitle = {Handbook of Statistics},
  year      = {1996},
  publisher = {Elsevier {BV}},
  pages     = {261--308},
  doi       = {10.1016/S0169-7161(96)13011-X},
  file      = {:Koehler1996.pdf:PDF},
}

@Article{Wu_2017,
  author    = {Xu Wu and Tomasz Kozlowski},
  title     = {Inverse uncertainty quantification of reactor simulations under the Bayesian framework using surrogate models constructed by polynomial chaos expansion},
  journal   = {Nuclear Engineering and Design},
  year      = {2017},
  volume    = {313},
  pages     = {29--52},
  doi       = {10.1016/j.nucengdes.2016.11.032},
  file      = {:Wu_2017.pdf:PDF},
  publisher = {Elsevier {BV}},
}

@Article{Sudret_2008,
  author    = {Bruno Sudret},
  title     = {Global sensitivity analysis using polynomial chaos expansions},
  journal   = {Reliability Engineering {\&} System Safety},
  year      = {2008},
  volume    = {93},
  month     = {jul},
  pages     = {964--979},
  doi       = {10.1016/j.ress.2007.04.002},
  file      = {:Sudret_2008.pdf:PDF},
  publisher = {Elsevier {BV}},
}

@Article{Simpson2001,
  author    = {T. W. Simpson and J. D. Peplinski and P. N. Koch and J. K. Allen},
  title     = {Metamodels for Computer-based Engineering Design: Survey and Recommendations},
  journal   = {Engineering with Computers},
  year      = {2001},
  volume    = {17},
  pages     = {129--150},
  doi       = {10.1007/pl00007198},
  file      = {:Simpson2001.pdf:PDF},
  publisher = {Springer Nature},
}

@Article{Bowman1993,
  author    = {Kenneth P. Bowman and Jerome Sacks and Yue-Fang Chang},
  title     = {Design and Analysis of Numerical Experiments},
  journal   = {Journal of the Atmospheric Sciences},
  year      = {1993},
  volume    = {50},
  number    = {9},
  pages     = {1267--1278},
  doi       = {10.1175/1520-0469(1993)050<1267:daaone>2.0.co;2},
  file      = {:Bowman1993.pdf:PDF},
  publisher = {American Meteorological Society},
}

@Article{Kaizer_2015,
  author    = {Joshua S. Kaizer and A. Kevin Heller and William L. Oberkampf},
  title     = {Scientific computer simulation review},
  journal   = {Reliability Engineering {\&} System Safety},
  year      = {2015},
  volume    = {138},
  month     = {jun},
  pages     = {210--218},
  doi       = {10.1016/j.ress.2015.01.020},
  file      = {:Kaizer_2015.pdf:PDF},
  publisher = {Elsevier {BV}},
}

@Article{Trucano2006,
  author    = {T.G. Trucano and L.P. Swiler and T. Igusa and W.L. Oberkampf and M. Pilch},
  title     = {Calibration, validation, and sensitivity analysis: What's what},
  journal   = {Reliability Engineering {\&} System Safety},
  year      = {2006},
  volume    = {91},
  number    = {10-11},
  month     = {oct},
  pages     = {1331--1357},
  doi       = {10.1016/j.ress.2005.11.031},
  file      = {:Trucano_2006.pdf:PDF},
  publisher = {Elsevier {BV}},
}

@Article{Levy2010,
  author    = {Sigal Levy and David M. Steinberg},
  title     = {Computer experiments: a review},
  journal   = {Advances in Statistical Analysis},
  year      = {2010},
  volume    = {94},
  month     = {dec},
  pages     = {311--324},
  doi       = {10.1007/s10182-010-0147-9},
  file      = {:Levy2010.pdf:PDF},
  publisher = {Springer Nature},
}

@InProceedings{Simpson1998,
  author    = {Timothy W. Simpson and Timothy M. Mauery and John J. Korte and Farrokh Mistree},
  title     = {Comparison Of Response Surface And Kriging Models For Multidisciplinary Design Optimization},
  booktitle = {7th {AIAA}/{USAF}/{NASA}/{ISSMO} Symposium on Multidisciplinary Analysis and Optimization},
  year      = {1998},
  publisher = {American Institute of Aeronautics and Astronautics ({AIAA})},
  month     = {sep},
  doi       = {10.2514/6.1998-4755},
  file      = {:Simpson1998.pdf:PDF},
}

@Article{Kennedy_2001,
  author    = {Marc C. Kennedy and Anthony O{\textquotesingle}Hagan},
  title     = {Bayesian calibration of computer models},
  journal   = {Journal of the Royal Statistical Society: Series B (Statistical Methodology)},
  year      = {2001},
  volume    = {63},
  number    = {3},
  month     = {aug},
  pages     = {425--464},
  doi       = {10.1111/1467-9868.00294},
  file      = {:Kennedy_2001.pdf:PDF},
  publisher = {Wiley-Blackwell},
}

@Article{DAuria2012,
  author  = {Francesco D{\textquotesingle}Auria},
  title   = {Perspectives in System Thermal-Hydraulics},
  journal = {Nuclear Engineering and Technology},
  year    = {2012},
  volume  = {44},
  number  = {8},
  pages   = {855--870},
  file    = {:DAuria2012.pdf:PDF},
}

@Article{Winsberg_2001,
  author    = {Eric Winsberg},
  title     = {Simulations, Models, and Theories: Complex Physical Systems and Their Representations},
  journal   = {Philosophy of Science},
  year      = {2001},
  volume    = {68},
  number    = {S3},
  month     = {sep},
  pages     = {S442--S454},
  doi       = {10.1086/392927},
  file      = {:Winsberg_2001.pdf:PDF},
  publisher = {University of Chicago Press},
}

@Article{Winsberg_1999,
  author    = {Eric Winsberg},
  title     = {Sanctioning Models: The Epistemology of Simulation},
  journal   = {Science in Context},
  year      = {1999},
  volume    = {12},
  number    = {02},
  pages     = {275--292},
  doi       = {10.1017/s0269889700003422},
  file      = {:Winsberg_1999.pdf:PDF},
  publisher = {Cambridge University Press ({CUP})},
}

@Book{Fang2006,
  author    = {Kai-Tai Fang and Runze Li and Agus Sudjianto},
  title     = {Design and Modeling for Computer Experiments},
  year      = {2006},
  publisher = {Chapman and Hall/{CRC}},
  doi       = {10.1201/9781420034899},
  file      = {:Fang2006.pdf:PDF},
  month     = {oct},
}

@Article{Fonseca_2003,
  author    = {D.J. Fonseca and D.O. Navaresse and G.P. Moynihan},
  title     = {Simulation metamodeling through artificial neural networks},
  journal   = {Engineering Applications of Artificial Intelligence},
  year      = {2003},
  volume    = {16},
  month     = {apr},
  pages     = {177--183},
  doi       = {10.1016/S0952-1976(03)00043-5},
  file      = {:Fonseca_2003.pdf:PDF},
  publisher = {Elsevier {BV}},
}

@Article{Baybutt1986,
  author    = {Paul Baybutt},
  title     = {Uncertainties in modeling physical and chemical phenomena in reactor accidents},
  journal   = {Nuclear Engineering and Design},
  year      = {1986},
  volume    = {93},
  pages     = {281--288},
  doi       = {10.1016/0029-5493(86)90225-6},
  file      = {:Baybutt1986.pdf:PDF},
  publisher = {Elsevier {BV}},
}

@Article{Kerrigan1979,
  author  = {J. D. Kerrigan and D. R. Coleman},
  title   = {Application of the response surface methodology of uncertainty analysis to establish distributions of FRAP-S3 calculated stored energy for PWR-type fuels},
  journal = {Nuclear Engineering and Design},
  year    = {1979},
  volume  = {54},
  pages   = {211--224},
  file    = {:Kerrigan1979.pdf:PDF},
}

@Article{Lucia1982,
  author    = {A. C. Lucia},
  title     = {Response surface methodology approach for structural reliability analysis: an outline of typical applications performed at {CEC-JRC}, {ISPRA}},
  journal   = {Nuclear Engineering and Design},
  year      = {1982},
  volume    = {71},
  month     = {aug},
  pages     = {281--286},
  doi       = {10.1016/0029-5493(82)90092-9},
  file      = {:Lucia1982.pdf:PDF},
  publisher = {Elsevier {BV}},
}

@Article{Zuber2001,
  author    = {Novak Zuber},
  title     = {The effects of complexity, of simplicity and of scaling in thermal-hydraulics},
  journal   = {Nuclear Engineering and Design},
  year      = {2001},
  volume    = {204},
  month     = {feb},
  pages     = {1--27},
  doi       = {10.1016/s0029-5493(00)00324-1},
  file      = {:Zuber2001.pdf:PDF},
  publisher = {Elsevier {BV}},
}

@Article{Wulff1993,
  author    = {Wolfgang Wulff},
  title     = {Computer simulation of two-phase flow in nuclear reactors},
  journal   = {Nuclear Engineering and Design},
  year      = {1993},
  volume    = {141},
  month     = {jun},
  pages     = {303--313},
  doi       = {10.1016/0029-5493(93)90108-l},
  file      = {:Wulff1993.pdf:PDF},
  publisher = {Elsevier {BV}},
}

@Article{Wulff2007,
  author  = {Wolfgang Wulff},
  title   = {Simulation of two-phase in complex systems},
  journal = {Nuclear Technology},
  year    = {2007},
  volume  = {159},
  pages   = {292--309},
  file    = {:Wulff2007.pdf:PDF},
}

@Article{Engel1990,
  author  = {Ronald E. Engel and John M. Sorensen and Randall S. May and Kenneth J. Doran and N. G. Trikouros and Eugene S. Mozias},
  title   = {Response surface development using {RETRAN}},
  journal = {Nuclear Technology},
  year    = {1991},
  volume  = {93},
  pages   = {65--81},
  file    = {:Engel1990.pdf:PDF},
}

@Article{Cox1977,
  author  = {Neil D. Cox},
  title   = {Comparison of two uncertainty analysis methods},
  journal = {Nuclear Science and Engineering},
  year    = {1977},
  volume  = {64},
  pages   = {258--265},
  file    = {:Cox1977.pdf:PDF},
}

@Book{Box2007,
  author    = {George E. P. Box and Norman R. Draper},
  title     = {Response Surfaces, Mixtures, and Ridge Analyses},
  year      = {2007},
  edition   = {2nd},
  publisher = {Wiley-Blackwell},
  doi       = {10.1002/0470072768},
  file      = {:Box2007.pdf:PDF},
}

@Article{Viana2016,
  author    = {Felipe A. C. Viana},
  title     = {A Tutorial on Latin Hypercube Design of Experiments},
  journal   = {Quality and Reliability Engineering International},
  year      = {2016},
  volume    = {32},
  month     = {nov},
  pages     = {1975--1985},
  doi       = {10.1002/qre.1924},
  file      = {:Viana2016.pdf:PDF},
  publisher = {Wiley-Blackwell},
}

@Article{Mckay1979,
  author    = {M. D. Mckay and R. J. Beckman and W. J. Conover},
  title     = {A Comparison of Three Methods for Selecting Values of Input Variables in the Analysis of Output from a Computer Code},
  journal   = {Technometrics},
  year      = {1979},
  volume    = {21},
  number    = {2},
  month     = {may},
  pages     = {239},
  doi       = {10.2307/1268522},
  file      = {:Mckay1979.pdf:PDF},
  publisher = {{JSTOR}},
}

@Article{Caflisch1998,
  author    = {Russel E. Caflisch},
  title     = {Monte Carlo and quasi-Monte Carlo Methods},
  journal   = {Acta Numerica},
  year      = {1998},
  volume    = {7},
  month     = {jan},
  doi       = {10.1017/s0962492900002804},
  file      = {:Caflisch1998.pdf:PDF},
  publisher = {Cambridge University Press ({CUP})},
}

@InBook{Isaaks1989,
  author    = {E. H. Isaaks and R. M. Srivastava},
  title     = {12. Ordinary Kriging},
  booktitle = {An Introduction to Applied Geostatistics},
  year      = {1989},
  publisher = {Oxford University Press},
  location  = {New York},
  chapter   = {12},
  pages     = {278--332},
  file      = {:Isaaks1989.pdf:PDF},
}

@Article{Saltelli_2006,
  author    = {Andrea Saltelli and Marco Ratto and Stefano Tarantola and Francesca Campolongo},
  title     = {Sensitivity analysis practices: Strategies for model-based inference},
  journal   = {Reliability Engineering {\&} System Safety},
  year      = {2006},
  volume    = {91},
  month     = {oct},
  pages     = {1109--1125},
  doi       = {10.1016/j.ress.2005.11.014},
  file      = {:Saltelli_2006.pdf:PDF},
  publisher = {Elsevier {BV}},
}

@Report{Montgomery2014,
  author      = {Rose Montgomery},
  title       = {{VERA} Tools and Workflows - Revision 1},
  type        = {techreport},
  institution = {US Department of Energy},
  year        = {2014},
  number      = {CASL-U-2014-0054-001},
  file        = {:Montgomery2014.pdf:PDF},
}

@Article{Kleijnen2000,
  author  = {Jack P. C. Kleijnen and Robert G. Sargent},
  title   = {A methodology for fitting and validating metamodels in simulation},
  journal = {European Journal of Operational Research},
  year    = {2000},
  volume  = {120},
  pages   = {14--29},
  file    = {:Kleijnen2000.pdf:PDF},
}

@Article{Razavi_2012,
  author    = {Saman Razavi and Bryan A. Tolson and Donald H. Burn},
  title     = {Review of surrogate modeling in water resources},
  journal   = {Water Resources Research},
  year      = {2012},
  volume    = {48},
  number    = {7},
  month     = {jul},
  doi       = {10.1029/2011wr011527},
  file      = {:Razavi_2012.pdf:PDF},
  publisher = {Wiley-Blackwell},
}

@Article{Asher_2015,
  author    = {M. J. Asher and B. F. W. Croke and A. J. Jakeman and L. J. M. Peeters},
  title     = {A review of surrogate models and their application to groundwater modeling},
  journal   = {Water Resources Research},
  year      = {2015},
  volume    = {51},
  number    = {8},
  month     = {aug},
  pages     = {5957--5973},
  doi       = {10.1002/2015wr016967},
  file      = {:Asher_2015.pdf:PDF},
  publisher = {Wiley-Blackwell},
}

@Book{Beven2009,
  author    = {Keith Beven},
  title     = {Environmental Modelling: An Uncertain Future},
  year      = {2009},
  publisher = {Routledge},
  location  = {London},
}

@Book{Rao2009,
  author    = {Singiresu S. Rao},
  title     = {Engineering Optimization: Theory and Practice},
  year      = {2009},
  edition   = {4th},
  publisher = {John Wiley {\&} Sons, Inc.},
  location  = {Hoboken},
  pubstate  = {New Jersey},
  file      = {:Rao2009.pdf:PDF},
}

@Book{Kaipio2005,
  author    = {Jari Kaipio and Erkki Somersalo},
  title     = {Statistical and Computational Inverse Problem},
  year      = {2005},
  publisher = {Springer Verlag},
  location  = {New York},
  file      = {:Kaipio2005.pdf:PDF},
}

@Article{Kaipio2011,
  author    = {Jari Kaipio and Colin Fox},
  title     = {The Bayesian Framework for Inverse Problem in Heat Transfer},
  journal   = {Heat Transfer Engineering},
  year      = {2011},
  volume    = {32},
  number    = {9},
  pages     = {718--753},
  doi       = {10.1080/01457632.2011.525137},
  file      = {:Kaipio2011.pdf:PDF},
  publisher = {Informa {UK} Limited},
}

@InCollection{Iooss2015,
  author    = {Bertrand Iooss and Paul Lema{\^{\i}}tre},
  title     = {A review on global sensitivity analysis methods},
  booktitle = {Uncertainty Management in Simulation-Optimization of Complex Systems},
  year      = {2015},
  publisher = {Springer Nature},
  pages     = {101--122},
  doi       = {10.1007/978-1-4899-7547-8_5},
  file      = {:Iooss2015.pdf:PDF},
}

@Article{Bajorek2016,
  author    = {Stephen M. Bajorek},
  title     = {A Regulator's Perspective on the State of the Art in Nuclear Thermal Hydraulics},
  journal   = {Nuclear Science and Engineering},
  year      = {2016},
  volume    = {184},
  number    = {3},
  month     = {nov},
  doi       = {10.13182/nse16-21},
  file      = {:Bajorek2016.pdf:PDF},
  publisher = {American Nuclear Society},
}

@Article{Glaeser,
  author    = {Horst Glaeser},
  title     = {{GRS} Method for Uncertainty and Sensitivity Evaluation of Code Results and Applications},
  journal   = {Science and Technology of Nuclear Installations},
  year      = {2008},
  volume    = {2008},
  pages     = {1--7},
  doi       = {10.1155/2008/798901},
  file      = {:Glaeser.pdf:PDF},
  publisher = {Hindawi Publishing Corporation},
}

@Article{Oakley2002,
  author    = {Jeremy Oakley And Anthony O{\textquotesingle}Hagan},
  title     = {Bayesian inference for the uncertainty distribution of computer model outputs},
  journal   = {Biometrika},
  year      = {2002},
  volume    = {89},
  number    = {4},
  month     = {dec},
  pages     = {769--784},
  doi       = {10.1093/biomet/89.4.769},
  file      = {:Oakley2002.pdf:PDF},
  publisher = {Oxford University Press ({OUP})},
}

@Article{OHagan1998,
  author  = {Anthony O{\textquotesingle}Hagan and Marc C. Kennedy and Jeremy Oakley},
  title   = {Uncertainty Analysis and other Inference Tools for Complex Computer Codes},
  journal = {Bayesian Statistics},
  year    = {1998},
  volume  = {6},
  pages   = {503--524},
  file    = {:OHagan1998.pdf:PDF},
}

@InCollection{Bingham_2014,
  author    = {Derek Bingham and Pritam Ranjan and William Welch},
  title     = {Design of Computer Experiments for Optimization, Estimation of Function Contours, and Related Objectives},
  booktitle = {Statistics in Action},
  year      = {2014},
  publisher = {Informa {UK} Limited},
  doi       = {10.1201/b16597-8},
  file      = {:Bingham_2014.pdf:PDF},
  month     = {feb},
}

@Article{Jones1998,
  author  = {Donald R. Jones and Matthias Schonlau and William Welch},
  title   = {Efficient Global Optimization of Expensive Black-Box Functions},
  journal = {Journal of Global Optimization},
  year    = {1998},
  volume  = {13},
  pages   = {455--492},
  file    = {:Jones1998.pdf:PDF},
}

@Article{Amaran2015,
  author    = {Satyajith Amaran and Nikolaos V. Sahinidis and Bikram Sharda and Scott J. Bury},
  title     = {Simulation optimization: a review of algorithms and applications},
  journal   = {Annals of Operations Research},
  year      = {2015},
  volume    = {240},
  number    = {1},
  month     = {sep},
  pages     = {351--380},
  doi       = {10.1007/s10479-015-2019-x},
  file      = {:Amaran2015.pdf:PDF},
  publisher = {Springer Nature},
}

@Article{Ionescu-Bujor2004,
  author    = {Mihaela Ionescu-Bujor and Dan G. Cacuci},
  title     = {A Comparative Review of Sensitivity and Uncertainty Analysis of Large-Scale Systems - {I}: Deterministic Methods},
  journal   = {Nuclear Science and Engineering},
  year      = {2004},
  volume    = {147},
  number    = {3},
  month     = {jul},
  pages     = {189--203},
  doi       = {10.13182/nse03-105cr},
  file      = {:Ionescu-Bujor2004.pdf:PDF},
  publisher = {American Nuclear Society},
}

@Article{Cacuci2004,
  author    = {Dan G. Cacuci and Mihaela Ionescu-Bujor},
  title     = {A Comparative Review of Sensitivity and Uncertainty Analysis of Large-Scale Systems - {II}: Statistical Methods},
  journal   = {Nuclear Science and Engineering},
  year      = {2004},
  volume    = {147},
  number    = {3},
  month     = {jul},
  pages     = {204--217},
  doi       = {10.13182/04-54cr},
  file      = {:Cacuci2004.pdf:PDF},
  publisher = {American Nuclear Society},
}

@Book{Saltelli2004,
  author    = {Andrea Saltelli and Stefano Tarantola and Francesca Campolongo and Marco Ratto},
  title     = {Sensitivity Analysis in Practice: A Guide to Assessing Scientific Models},
  year      = {2004},
  publisher = {John Wiley {\&} Sons, Inc.},
  location  = {West Sussex},
  file      = {:Saltelli2004.pdf:PDF},
}

@Article{Saltelli2000,
  author  = {Andrea Saltelli and Stefano Tarantola and Francesca Campolongo},
  title   = {Sensitivity Analysis as an Ingredient of Modeling},
  journal = {Statistical Science},
  year    = {2000},
  volume  = {15},
  number  = {4},
  pages   = {377--395},
  file    = {:Saltelli2000.pdf:PDF},
}

@Article{Ben-Ari2007,
  author    = {Einat Neumann Ben-Ari and David M. Steinberg},
  title     = {Modeling Data from Computer Experiments: An Empirical Comparison of Kriging with {MARS} and Projection Pursuit Regression},
  journal   = {Quality Engineering},
  year      = {2007},
  volume    = {19},
  number    = {4},
  month     = {oct},
  pages     = {327--338},
  doi       = {10.1080/08982110701580930},
  file      = {:Ben-Ari2007.pdf:PDF},
  publisher = {Informa {UK} Limited},
}

@Article{Haaland2011,
  author    = {Ben Haaland and Peter Z. G. Qian},
  title     = {Accurate emulators for large-scale computer experiments},
  journal   = {The Annals of Statistics},
  year      = {2011},
  volume    = {39},
  number    = {6},
  month     = {dec},
  pages     = {2974--3002},
  doi       = {10.1214/11-aos929},
  file      = {:Haaland2011.pdf:PDF},
  publisher = {Institute of Mathematical Statistics},
}

@Electronic{Surjanovic2015,
  author  = {Sonja Surjanovic and Derek Bingham},
  title   = {Virtual Library of Simulation Experiments: Test Functions and Datasets},
  year    = {2015},
  url     = {http://www.sfu.ca/~ssurjano/index.html},
  urldate = {2017-02-28},
}

@InCollection{Iooss2015a,
  author    = {Bertrand Iooss and Andrea Saltelli},
  title     = {Introduction to Sensitivity Analysis},
  booktitle = {Handbook of Uncertainty Quantification},
  year      = {2015},
  publisher = {Springer Nature},
  pages     = {1--20},
  doi       = {10.1007/978-3-319-11259-6_31-1},
  file      = {:Iooss2015a.pdf:PDF},
}

@Article{Cacuci_2004,
  author    = {Dan G. Cacuci and Mihaela Ionescu-Bujor},
  title     = {A Comparative Review of Sensitivity and Uncertainty Analysis of Large-Scale Systems - I: Deterministic Methods},
  journal   = {Nuclear Science and Engineering},
  year      = {2004},
  volume    = {147},
  number    = {3},
  month     = {jul},
  pages     = {189--203},
  doi       = {10.13182/nse03-105cr},
  publisher = {American Nuclear Society},
}

@Article{Frey2002,
  author    = {H. Christopher Frey and Sumeet R. Patil},
  title     = {Identification and Review of Sensitivity Analysis Methods},
  journal   = {Risk Analysis},
  year      = {2002},
  volume    = {22},
  number    = {3},
  month     = {jun},
  pages     = {553--578},
  doi       = {10.1111/0272-4332.00039},
  publisher = {Wiley-Blackwell},
}

@Article{Cacuci_2004,
  author    = {Dan G. Cacuci and Mihaela Ionescu-Bujor},
  title     = {A Comparative Review of Sensitivity and Uncertainty Analysis of Large-Scale Systems - {II}: Statistical Methods},
  journal   = {Nuclear Science and Engineering},
  year      = {2004},
  volume    = {147},
  number    = {3},
  month     = {jul},
  pages     = {204--217},
  doi       = {10.13182/04-54cr},
  publisher = {American Nuclear Society},
}

@Book{Cacuci2003,
  author    = {Dan G. Cacuci},
  title     = {Sensitivity and Uncertainty Analysis, Volume I: Theory},
  year      = {2003},
  publisher = {Chapman \& Hall/CRC},
  location  = {Boca Raton},
  pubstate  = {Florida},
}

@Book{Saltelli2008,
  author    = {Andrea Saltelli and Marco Ratto and T. Andres and F. Campolongo and J. Cariboni and D. Gatelli and M. Saisana and S. Tarantola},
  title     = {Global Sensitivity Analysis, The Primer},
  year      = {2008},
  publisher = {John Wiley {\&} Sons, Inc.},
  location  = {West Sussex},
  doi       = {10.1002/9780470725184},
  ean       = {9780470059975},
}

@Comment{jabref-meta: databaseType:biblatex;}
